<?xml version="1.0" encoding="UTF-8"?><collection xmlns="http://www.loc.gov/MARC21/slim"><record><leader>00387nam--2200145-i-4500</leader><controlfield tag="001">000039987</controlfield><controlfield tag="002">20161230</controlfield><controlfield tag="005">20161230201042</controlfield><controlfield tag="008">060222s1000------------r-----000-0-eng-d</controlfield><datafield ind1=" " ind2=" " tag="080"><subfield code="a">621.7</subfield></datafield><datafield ind1=" " ind2=" " tag="100"><subfield code="a">Sadricev,V.A</subfield></datafield><datafield ind1=" " ind2=" " tag="245"><subfield code="a">Repararea autovehicolelor sovietice</subfield></datafield><datafield ind1=" " ind2=" " tag="260"><subfield code="a">Bucuresti, Ed.Tehnica A Ministerului Cailor Ferate, 1953. 446 P</subfield></datafield><datafield ind1=" " ind2=" " tag="490"><subfield code="a">Pentru Uz Intern</subfield></datafield><datafield ind1=" " ind2=" " tag="852"><subfield code="a">26269</subfield></datafield></record></collection>